[gd_scene load_steps=14 format=3 uid="uid://dchtv75si1g1g"]

[ext_resource type="Script" path="res://enemies/ghost.gd" id="1_kq54n"]
[ext_resource type="Texture2D" uid="uid://ocwxpi0txart" path="res://assets/kenney_tiny-dungeon/Tiles/tile_0108.png" id="2_d0g8b"]
[ext_resource type="Script" path="res://player/state_machine.gd" id="3_r2j5s"]
[ext_resource type="Script" path="res://enemies/leaper_patrol.gd" id="4_cgwjd"]
[ext_resource type="Script" path="res://enemies/leaper_chase.gd" id="5_y8usc"]
[ext_resource type="Script" path="res://enemies/enemy_shoot.gd" id="6_stah5"]
[ext_resource type="Script" path="res://enemies/enemy_die.gd" id="7_4iqgo"]

[sub_resource type="CapsuleShape2D" id="CapsuleShape2D_6r0dl"]
radius = 7.0
height = 14.0

[sub_resource type="CircleShape2D" id="CircleShape2D_02go3"]
radius = 310.161

[sub_resource type="CircleShape2D" id="CircleShape2D_nufe6"]
radius = 102.0

[sub_resource type="Animation" id="Animation_o07y3"]
resource_name = "chase"
length = 0.8
loop_mode = 1
tracks/0/type = "value"
tracks/0/imported = false
tracks/0/enabled = true
tracks/0/path = NodePath("Sprite2D:position")
tracks/0/interp = 2
tracks/0/loop_wrap = true
tracks/0/keys = {
"times": PackedFloat32Array(0, 0.2, 0.4, 0.6, 0.8),
"transitions": PackedFloat32Array(1, 1, 1, 1, 1),
"update": 0,
"values": [Vector2(0, 0), Vector2(0, -1), Vector2(0, 1), Vector2(0, -1), Vector2(0, 0)]
}

[sub_resource type="Animation" id="Animation_ps34o"]
length = 0.001
tracks/0/type = "value"
tracks/0/imported = false
tracks/0/enabled = true
tracks/0/path = NodePath("Sprite2D:position")
tracks/0/interp = 1
tracks/0/loop_wrap = true
tracks/0/keys = {
"times": PackedFloat32Array(0),
"transitions": PackedFloat32Array(1),
"update": 0,
"values": [Vector2(0, 0)]
}

[sub_resource type="AnimationLibrary" id="AnimationLibrary_212uc"]
_data = {
"RESET": SubResource("Animation_ps34o"),
"chase": SubResource("Animation_o07y3")
}

[node name="Ghost" type="CharacterBody2D" groups=["enemy", "shooter"]]
motion_mode = 1
wall_min_slide_angle = 0.0
script = ExtResource("1_kq54n")

[node name="Sprite2D" type="Sprite2D" parent="."]
texture_filter = 1
texture = ExtResource("2_d0g8b")

[node name="CollisionShape2D" type="CollisionShape2D" parent="."]
shape = SubResource("CapsuleShape2D_6r0dl")

[node name="DamageTextMarker" type="Marker2D" parent="."]
position = Vector2(0, -11)

[node name="StateMachine" type="Node" parent="."]
script = ExtResource("3_r2j5s")
initial_state = NodePath("Patrol")

[node name="Patrol" type="Node" parent="StateMachine"]
script = ExtResource("4_cgwjd")

[node name="Chase" type="Node" parent="StateMachine"]
script = ExtResource("5_y8usc")

[node name="Shoot" type="Node" parent="StateMachine"]
script = ExtResource("6_stah5")

[node name="Die" type="Node" parent="StateMachine"]
script = ExtResource("7_4iqgo")

[node name="DetectionRange" type="Area2D" parent="."]

[node name="CollisionShape2D" type="CollisionShape2D" parent="DetectionRange"]
shape = SubResource("CircleShape2D_02go3")

[node name="AttackRange" type="Area2D" parent="."]

[node name="CollisionShape2D" type="CollisionShape2D" parent="AttackRange"]
shape = SubResource("CircleShape2D_nufe6")
debug_color = Color(0.701961, 0.333333, 0.160784, 0.419608)

[node name="NavigationAgent2D" type="NavigationAgent2D" parent="."]
path_postprocessing = 1

[node name="TriggerNavigation" type="Timer" parent="."]
wait_time = 0.2

[node name="AttackTimer" type="Timer" parent="."]
one_shot = true

[node name="AnimationPlayer" type="AnimationPlayer" parent="."]
libraries = {
"": SubResource("AnimationLibrary_212uc")
}

[connection signal="body_entered" from="DetectionRange" to="." method="_on_detection_range_body_entered"]
[connection signal="body_exited" from="DetectionRange" to="." method="_on_detection_range_body_exited"]
[connection signal="body_entered" from="AttackRange" to="." method="_on_detection_range_body_entered"]
[connection signal="body_entered" from="AttackRange" to="." method="_on_attack_range_body_entered"]
[connection signal="body_exited" from="AttackRange" to="." method="_on_detection_range_body_exited"]
[connection signal="body_exited" from="AttackRange" to="." method="_on_attack_range_body_exited"]
[connection signal="timeout" from="TriggerNavigation" to="StateMachine/Chase" method="_on_trigger_navigation_timeout"]
[connection signal="timeout" from="AttackTimer" to="StateMachine/Shoot" method="_on_attack_timer_timeout"]
