[gd_scene load_steps=9 format=3 uid="uid://d0fh6q4vs82bm"]

[ext_resource type="Texture2D" uid="uid://c0fnt4xs1q5ew" path="res://assets/objects/pizza.png" id="1_fmr1g"]
[ext_resource type="Script" path="res://weapons/projectiles/pizza.gd" id="1_q2msk"]
[ext_resource type="AudioStream" uid="uid://dpx5oek7er3vi" path="res://assets/audio/sfx/momohut/swish.wav" id="3_pjg5w"]
[ext_resource type="AudioStream" uid="uid://cvr0w5w5vj3b2" path="res://assets/audio/sfx/momohut/swoosh.wav" id="4_l4oxx"]
[ext_resource type="AudioStream" uid="uid://b137vkl1qrsyh" path="res://assets/audio/sfx/momohut/tick.wav" id="5_8srh6"]

[sub_resource type="CircleShape2D" id="CircleShape2D_sp3pl"]
radius = 13.0

[sub_resource type="AudioStreamRandomizer" id="AudioStreamRandomizer_ebxe1"]
random_pitch = 1.02
streams_count = 1
stream_0/stream = ExtResource("3_pjg5w")
stream_0/weight = 1.0

[sub_resource type="AudioStreamRandomizer" id="AudioStreamRandomizer_pgict"]
random_pitch = 1.05
streams_count = 1
stream_0/stream = ExtResource("5_8srh6")
stream_0/weight = 1.0

[node name="Pizza" type="Node2D"]
z_index = 1
script = ExtResource("1_q2msk")

[node name="Sprite2D" type="Sprite2D" parent="."]
texture_filter = 1
scale = Vector2(0.8, 0.8)
texture = ExtResource("1_fmr1g")

[node name="HitBox" type="Area2D" parent="."]

[node name="CollisionShape2D" type="CollisionShape2D" parent="HitBox"]
shape = SubResource("CircleShape2D_sp3pl")

[node name="Swish" type="AudioStreamPlayer" parent="."]
stream = SubResource("AudioStreamRandomizer_ebxe1")
max_polyphony = 4

[node name="Swoosh" type="AudioStreamPlayer" parent="."]
stream = ExtResource("4_l4oxx")

[node name="SwishTimer" type="Timer" parent="."]
wait_time = 0.4

[node name="Hit" type="AudioStreamPlayer" parent="."]
stream = SubResource("AudioStreamRandomizer_pgict")
max_polyphony = 4

[connection signal="body_entered" from="HitBox" to="." method="_on_hit_box_body_entered"]
[connection signal="timeout" from="SwishTimer" to="." method="_on_swish_timer_timeout"]
