[gd_scene load_steps=8 format=3 uid="uid://cvskugamiugrr"]

[ext_resource type="Texture2D" uid="uid://bif4wam6nvnlo" path="res://assets/objects/mozarella.png" id="1_2qbg3"]
[ext_resource type="Script" path="res://UI/hud.gd" id="1_10qvn"]
[ext_resource type="Texture2D" uid="uid://d000eiihvyi5k" path="res://assets/kenney_fantasy-ui-borders/PNG/Double/Panel/panel-009.png" id="1_gypvc"]
[ext_resource type="Texture2D" uid="uid://c64af8atuqnqi" path="res://assets/objects/health-bar-gray.png" id="3_aidr4"]
[ext_resource type="Shader" path="res://UI/hud.gdshader" id="4_74438"]
[ext_resource type="Texture2D" uid="uid://qj8ie5kp4s0m" path="res://assets/objects/health-bar.png" id="4_oebs7"]

[sub_resource type="ShaderMaterial" id="ShaderMaterial_uhmva"]
shader = ExtResource("4_74438")
shader_parameter/health_percent = 1.0

[node name="HUD" type="CanvasLayer"]
script = ExtResource("1_10qvn")

[node name="MarginContainer" type="MarginContainer" parent="."]
anchors_preset = 15
anchor_right = 1.0
anchor_bottom = 1.0
grow_horizontal = 2
grow_vertical = 2
theme_override_constants/margin_left = 20
theme_override_constants/margin_top = 20
theme_override_constants/margin_right = 20
theme_override_constants/margin_bottom = 20

[node name="VBoxContainer" type="VBoxContainer" parent="MarginContainer"]
layout_mode = 2
alignment = 2

[node name="MarginContainer" type="MarginContainer" parent="MarginContainer/VBoxContainer"]
layout_mode = 2

[node name="NinePatchRect" type="NinePatchRect" parent="MarginContainer/VBoxContainer/MarginContainer"]
modulate = Color(0.196078, 0.282353, 0.164706, 0.627451)
custom_minimum_size = Vector2(200, 0)
layout_mode = 2
size_flags_horizontal = 8
texture = ExtResource("1_gypvc")
region_rect = Rect2(0, 0, 96, 96)
patch_margin_left = 20
patch_margin_top = 20
patch_margin_right = 20
patch_margin_bottom = 20

[node name="HBoxContainerLeft" type="HBoxContainer" parent="MarginContainer/VBoxContainer/MarginContainer"]
layout_mode = 2

[node name="HeartsContainer" type="MarginContainer" parent="MarginContainer/VBoxContainer/MarginContainer/HBoxContainerLeft"]
layout_mode = 2
size_flags_horizontal = 0
size_flags_vertical = 8

[node name="MarginContainer2" type="MarginContainer" parent="MarginContainer/VBoxContainer/MarginContainer/HBoxContainerLeft/HeartsContainer"]
layout_mode = 2

[node name="TextureRect" type="TextureRect" parent="MarginContainer/VBoxContainer/MarginContainer/HBoxContainerLeft/HeartsContainer/MarginContainer2"]
layout_mode = 2
size_flags_vertical = 4
texture = ExtResource("3_aidr4")

[node name="MarginContainer" type="MarginContainer" parent="MarginContainer/VBoxContainer/MarginContainer/HBoxContainerLeft/HeartsContainer"]
layout_mode = 2

[node name="TextureRect" type="TextureRect" parent="MarginContainer/VBoxContainer/MarginContainer/HBoxContainerLeft/HeartsContainer/MarginContainer"]
material = SubResource("ShaderMaterial_uhmva")
layout_mode = 2
size_flags_vertical = 4
texture = ExtResource("4_oebs7")

[node name="HBoxContainerRight" type="HBoxContainer" parent="MarginContainer/VBoxContainer/MarginContainer"]
layout_mode = 2
alignment = 2

[node name="NumberContainer" type="MarginContainer" parent="MarginContainer/VBoxContainer/MarginContainer/HBoxContainerRight"]
visible = false
layout_mode = 2
theme_override_constants/margin_right = 0

[node name="Label" type="Label" parent="MarginContainer/VBoxContainer/MarginContainer/HBoxContainerRight/NumberContainer"]
layout_mode = 2
theme_override_font_sizes/font_size = 40
text = "100"

[node name="InfinityContainer" type="MarginContainer" parent="MarginContainer/VBoxContainer/MarginContainer/HBoxContainerRight"]
layout_mode = 2
theme_override_constants/margin_right = 10

[node name="Label" type="Label" parent="MarginContainer/VBoxContainer/MarginContainer/HBoxContainerRight/InfinityContainer"]
layout_mode = 2
theme_override_font_sizes/font_size = 64
text = "∞"

[node name="CheeseContainer" type="MarginContainer" parent="MarginContainer/VBoxContainer/MarginContainer/HBoxContainerRight"]
layout_mode = 2
theme_override_constants/margin_left = 16
theme_override_constants/margin_top = 16
theme_override_constants/margin_right = 24
theme_override_constants/margin_bottom = 16

[node name="TextureRect" type="TextureRect" parent="MarginContainer/VBoxContainer/MarginContainer/HBoxContainerRight/CheeseContainer"]
custom_minimum_size = Vector2(64, 64)
layout_mode = 2
size_flags_horizontal = 8
size_flags_vertical = 8
texture = ExtResource("1_2qbg3")
